<collection xmlns="http://www.loc.gov/MARC21/slim">
<record>
  <leader>00868nam0a22001931i 450 </leader>
  <controlfield tag="001">IT\ICCU\CNCE\061778</controlfield>
  <controlfield tag="005">20051012000000.0</controlfield>
  <datafield tag="012" ind1=" " ind2=" ">
    <subfield code="a">ola- laCo o-io lero (3) 1561 (R)</subfield>
    <subfield code="2">fei</subfield>
  </datafield>
  <datafield tag="100" ind1=" " ind2=" ">
    <subfield code="a">20051010d1561        0itac0103    ba</subfield>
  </datafield>
  <datafield tag="101" ind1=" " ind2=" ">
    <subfield code="a">ITA</subfield>
  </datafield>
  <datafield tag="102" ind1=" " ind2=" ">
    <subfield code="a">IT</subfield>
  </datafield>
  <datafield tag="200" ind1="1" ind2=" ">
    <subfield code="a">Trattato de gli vffici communi tra gli amici superiori et inferiori. Scritto da M. Giouanni della Casa</subfield>
  </datafield>
  <datafield tag="210" ind1=" " ind2=" ">
    <subfield code="a">In Fiorenza</subfield>
    <subfield code="c">\Bartolomeo Sermartelli &amp; Taddeo Pavoni!</subfield>
    <subfield code="d">1561</subfield>
    <subfield code="e">In Firenze</subfield>
    <subfield code="g">appresso Bartolomeo Sermartelli &amp; Taddeo Pauoni compagni</subfield>
  </datafield>
  <datafield tag="215" ind1=" " ind2=" ">
    <subfield code="a">60, \2! p.</subfield>
    <subfield code="d"></subfield>
  </datafield>
  <datafield tag="300" ind1=" " ind2=" ">
    <subfield code="a"></subfield>
  </datafield>
  <datafield tag="700" ind1=" " ind2="1">
    <subfield code="a">Della_Casa,</subfield>
    <subfield code="b">Giovanni</subfield>
    <subfield code="3">IT\ICCU\CNCA\001081</subfield>
  </datafield>
  <datafield tag="790" ind1=" " ind2="1">
    <subfield code="a">Casa,</subfield>
    <subfield code="b">Giovanni : della</subfield>
    <subfield code="3">IT\ICCU\CNCA\007909</subfield>
    <subfield code="z">Della_Casa, Giovanni</subfield>
  </datafield>
  <datafield tag="801" ind1=" " ind2="3">
    <subfield code="a">IT</subfield>
    <subfield code="b">ICCU</subfield>
    <subfield code="c">20201115</subfield>
  </datafield>
  <datafield tag="899" ind1=" " ind2=" ">
    <subfield code="a">Biblioteca nazionale universitaria. Torino</subfield>
    <subfield code="1">TO0265</subfield>
    <subfield code="2">TO0 02</subfield>
  </datafield>
</record>
</collection>
